<?xml version="1.0" encoding="UTF-8"?>
<!--Beispielnachricht_camt.052_BankToCustomerAccountReport_via_EBICS_nach_Barscheckauszahlung_vom_Dotaionskonto-->
<Document xmlns="urn:iso:std:iso:20022:tech:xsd:camt.052.001.08">
	<BkToCstmrAcctRpt>
		<GrpHdr>
			<MsgId>20240313C0098162</MsgId>
			<CreDtTm>2024-03-13T08:15:47.5713019+01:00</CreDtTm>
		</GrpHdr>
		<Rpt>
			<Id>20240313C0098162</Id>
			<RptPgntn>
				<PgNb>00001</PgNb>
				<LastPgInd>true</LastPgInd>
			</RptPgntn>
			<ElctrncSeqNb>2</ElctrncSeqNb>
			<CreDtTm>2024-03-13T08:15:47.5713019+01:00</CreDtTm>
			<Acct>
				<Id>
					<IBAN>DE00IBANdesDotationskontos</IBAN>
				</Id>
				<Tp>
					<Cd>CACC</Cd>
				</Tp>
				<Ccy>EUR</Ccy>
				<Nm>Testbank, Hamburg</Nm>
				<Ownr>
					<Nm>Testbank-Inhaber</Nm>
				</Ownr>
				<Svcr>
					<FinInstnId>
						<BICFI>MARKDEF1200</BICFI>
						<ClrSysMmbId>
							<ClrSysId>
								<Cd>DEBLZ</Cd>
							</ClrSysId>
							<MmbId>20000000</MmbId>
						</ClrSysMmbId>
						<Nm>Deutsche Bundesbank</Nm>
						<Othr>
							<Id>DE114103555</Id>
							<Issr>UmsStId</Issr>
						</Othr>
					</FinInstnId>
					<BrnchId>
						<Nm>Filiale Hamburg</Nm>
					</BrnchId>
				</Svcr>
			</Acct>
			<Bal>
				<Tp>
					<CdOrPrtry>
						<Cd>OPBD</Cd>
					</CdOrPrtry>
				</Tp>
				<Amt Ccy="EUR">100000.00</Amt>
				<CdtDbtInd>CRDT</CdtDbtInd>
				<Dt>
					<Dt>2024-03-13</Dt>
				</Dt>
			</Bal>
			<Bal>
				<Tp>
					<CdOrPrtry>
						<Cd>CLBD</Cd>
					</CdOrPrtry>
				</Tp>
				<Amt Ccy="EUR">75000.00</Amt>
				<CdtDbtInd>CRDT</CdtDbtInd>
				<Dt>
					<Dt>2024-03-13</Dt>
				</Dt>
			</Bal>
			<Ntry>
				<NtryRef>2000000012240313</NtryRef>
				<Amt Ccy="EUR">25000.00</Amt>
				<CdtDbtInd>DBIT</CdtDbtInd>
				<Sts>
					<Cd>BOOK</Cd>
				</Sts>
				<BookgDt>
					<Dt>2024-03-13</Dt>
				</BookgDt>
				<ValDt>
					<Dt>2024-03-13</Dt>
				</ValDt>
				<AcctSvcrRef>049000039704/0019000002</AcctSvcrRef>
				<BkTxCd>
					<Domn>
						<Cd>PMNT</Cd>
						<Fmly>
							<Cd>CNTR</Cd>
							<SubFmlyCd>CWDL</SubFmlyCd>
						</Fmly>
					</Domn>
					<Prtry>
						<Cd>NCMI+083+0019000002</Cd>
						<Issr>DK</Issr>
					</Prtry>
				</BkTxCd>
				<NtryDtls>
					<TxDtls>
						<Refs>
							<AcctSvcrRef>2000000012240313</AcctSvcrRef>
							<InstrId>9998770</InstrId>
							<ChqNb>9998770</ChqNb>
						</Refs>
						<Amt Ccy="EUR">25000.00</Amt>
						<BkTxCd>
							<Domn>
								<Cd>PMNT</Cd>
								<Fmly>
									<Cd>CNTR</Cd>
									<SubFmlyCd>CWDL</SubFmlyCd>
								</Fmly>
							</Domn>
							<Prtry>
								<Cd>NCMI+083+0019000002</Cd>
								<Issr>DK</Issr>
							</Prtry>
						</BkTxCd>
						<Purp>
							<Prtry>Auszahlung</Prtry>
						</Purp>
						<AddtlTxInf>Auszahlungen</AddtlTxInf>
					</TxDtls>
				</NtryDtls>
				<AddtlNtryInf>Auszahlungen</AddtlNtryInf>
			</Ntry>
		</Rpt>
	</BkToCstmrAcctRpt>
</Document>
