<?xml version="1.0" encoding="UTF-8"?>
<!--Beispielnachricht_camt.052_BankToCustomerAccountReport_via_EBICS_nach_Deckungsanschaffung_vom_RTGS-DCA_mittels_pacs.008-->
<Document xmlns="urn:iso:std:iso:20022:tech:xsd:camt.052.001.08">
	<BkToCstmrAcctRpt>
		<GrpHdr>
			<MsgId>20240313C0098165</MsgId>
			<CreDtTm>2024-03-13T09:13:34.1833810+01:00</CreDtTm>
		</GrpHdr>
		<Rpt>
			<Id>20240313C0098165</Id>
			<RptPgntn>
				<PgNb>00001</PgNb>
				<LastPgInd>true</LastPgInd>
			</RptPgntn>
			<ElctrncSeqNb>5</ElctrncSeqNb>
			<CreDtTm>2024-03-13T09:13:34.1833810+01:00</CreDtTm>
			<Acct>
				<Id>
					<IBAN>DE00IBANdesDotationskontos</IBAN>
				</Id>
				<Tp>
					<Cd>CACC</Cd>
				</Tp>
				<Ccy>EUR</Ccy>
				<Nm>Testbank, Hamburg</Nm>
				<Ownr>
					<Nm>Testbank-Inhaber</Nm>
				</Ownr>
				<Svcr>
					<FinInstnId>
						<BICFI>MARKDEF1200</BICFI>
						<ClrSysMmbId>
							<ClrSysId>
								<Cd>DEBLZ</Cd>
							</ClrSysId>
							<MmbId>20000000</MmbId>
						</ClrSysMmbId>
						<Nm>Deutsche Bundesbank</Nm>
						<Othr>
							<Id>DE114103555</Id>
							<Issr>UmsStId</Issr>
						</Othr>
					</FinInstnId>
					<BrnchId>
						<Nm>Filiale Hamburg</Nm>
					</BrnchId>
				</Svcr>
			</Acct>
			<Bal>
				<Tp>
					<CdOrPrtry>
						<Cd>OPBD</Cd>
					</CdOrPrtry>
				</Tp>
				<Amt Ccy="EUR">200000.00</Amt>
				<CdtDbtInd>CRDT</CdtDbtInd>
				<Dt>
					<Dt>2024-03-13</Dt>
				</Dt>
			</Bal>
			<Bal>
				<Tp>
					<CdOrPrtry>
						<Cd>CLBD</Cd>
					</CdOrPrtry>
				</Tp>
				<Amt Ccy="EUR">250000.00</Amt>
				<CdtDbtInd>CRDT</CdtDbtInd>
				<Dt>
					<Dt>2024-03-13</Dt>
				</Dt>
			</Bal>
			<Ntry>
				<NtryRef>H202403135000000108</NtryRef>
				<Amt Ccy="EUR">50000.00</Amt>
				<CdtDbtInd>CRDT</CdtDbtInd>
				<Sts>
					<Cd>BOOK</Cd>
				</Sts>
				<BookgDt>
					<Dt>2024-03-13</Dt>
				</BookgDt>
				<ValDt>
					<Dt>2024-03-13</Dt>
				</ValDt>
				<AcctSvcrRef>105600004525/0019200003</AcctSvcrRef>
				<BkTxCd>
					<Domn>
						<Cd>PMNT</Cd>
						<Fmly>
							<Cd>RCDT</Cd>
							<SubFmlyCd>SDVA</SubFmlyCd>
						</Fmly>
					</Domn>
					<Prtry>
						<Cd>NTRF+088+0019200003</Cd>
						<Issr>DK</Issr>
					</Prtry>
				</BkTxCd>
				<NtryDtls>
					<TxDtls>
						<Refs>
							<AcctSvcrRef>H202403135000000108</AcctSvcrRef>
							<InstrId>H202403135000000108</InstrId>
						</Refs>
						<Amt Ccy="EUR">50000.00</Amt>
						<AmtDtls>
							<InstdAmt>
								<Amt Ccy="EUR">50000.00</Amt>
							</InstdAmt>
						</AmtDtls>
						<BkTxCd>
							<Domn>
								<Cd>PMNT</Cd>
								<Fmly>
									<Cd>RCDT</Cd>
									<SubFmlyCd>SDVA</SubFmlyCd>
								</Fmly>
							</Domn>
							<Prtry>
								<Cd>NTRF+088+0019200003</Cd>
								<Issr>DK</Issr>
							</Prtry>
						</BkTxCd>
						<RltdPties>
							<Dbtr>
								<Pty>
									<Nm>Testbank</Nm>
								</Pty>
							</Dbtr>
							<DbtrAcct>
								<Id>
									<Othr>
										<Id>0123456789</Id>
									</Othr>
								</Id>
							</DbtrAcct>
						</RltdPties>
						<Purp>
							<Prtry>Überw Prior1/SWI</Prtry>
						</Purp>
						<RmtInf>
							<Ustrd>VWZ pacs008 RTGS nach DOTA</Ustrd>
						</RmtInf>
						<AddtlTxInf>Überweisungsgutschrift mit Festvaluta</AddtlTxInf>
					</TxDtls>
				</NtryDtls>
				<AddtlNtryInf>Überweisungsgutschrift mit Festvaluta</AddtlNtryInf>
			</Ntry>
		</Rpt>
	</BkToCstmrAcctRpt>
</Document>
