<?xml version="1.0" encoding="UTF-8"?>
<!--Beispielnachricht_camt.052_BankToCustomerAccountReport_via_EBICS_nach_Abführung_an_MCA_mittels_pacs.009-->
<Document xmlns="urn:iso:std:iso:20022:tech:xsd:camt.052.001.08">
	<BkToCstmrAcctRpt>
		<GrpHdr>
			<MsgId>20240313C0098167</MsgId>
			<CreDtTm>2024-03-13T11:24:41.8734723+01:00</CreDtTm>
		</GrpHdr>
		<Rpt>
			<Id>20240313C0098167</Id>
			<RptPgntn>
				<PgNb>00001</PgNb>
				<LastPgInd>true</LastPgInd>
			</RptPgntn>
			<ElctrncSeqNb>7</ElctrncSeqNb>
			<CreDtTm>2024-03-13T11:24:41.8734723+01:00</CreDtTm>
			<Acct>
				<Id>
					<IBAN>DE00IBANdesDotationskontos</IBAN>
				</Id>
				<Tp>
					<Cd>CACC</Cd>
				</Tp>
				<Ccy>EUR</Ccy>
				<Nm>Testbank, Hamburg</Nm>
				<Ownr>
					<Nm>Testbank-Inhaber</Nm>
				</Ownr>
				<Svcr>
					<FinInstnId>
						<BICFI>MARKDEF1200</BICFI>
						<ClrSysMmbId>
							<ClrSysId>
								<Cd>DEBLZ</Cd>
							</ClrSysId>
							<MmbId>20000000</MmbId>
						</ClrSysMmbId>
						<Nm>Deutsche Bundesbank</Nm>
						<Othr>
							<Id>DE114103555</Id>
							<Issr>UmsStId</Issr>
						</Othr>
					</FinInstnId>
					<BrnchId>
						<Nm>Filiale Hamburg</Nm>
					</BrnchId>
				</Svcr>
			</Acct>
			<Bal>
				<Tp>
					<CdOrPrtry>
						<Cd>OPBD</Cd>
					</CdOrPrtry>
				</Tp>
				<Amt Ccy="EUR">330000.00</Amt>
				<CdtDbtInd>CRDT</CdtDbtInd>
				<Dt>
					<Dt>2024-03-13</Dt>
				</Dt>
			</Bal>
			<Bal>
				<Tp>
					<CdOrPrtry>
						<Cd>CLBD</Cd>
					</CdOrPrtry>
				</Tp>
				<Amt Ccy="EUR">300000.00</Amt>
				<CdtDbtInd>CRDT</CdtDbtInd>
				<Dt>
					<Dt>2024-03-13</Dt>
				</Dt>
			</Bal>
			<Ntry>
				<NtryRef>pacs009-InstrId-00005</NtryRef>
				<Amt Ccy="EUR">30000.00</Amt>
				<CdtDbtInd>DBIT</CdtDbtInd>
				<Sts>
					<Cd>BOOK</Cd>
				</Sts>
				<BookgDt>
					<Dt>2024-03-13</Dt>
				</BookgDt>
				<ValDt>
					<Dt>2024-03-13</Dt>
				</ValDt>
				<AcctSvcrRef>055100000086/0019000005</AcctSvcrRef>
				<BkTxCd>
					<Domn>
						<Cd>PMNT</Cd>
						<Fmly>
							<Cd>ICDT</Cd>
							<SubFmlyCd>SDVA</SubFmlyCd>
						</Fmly>
					</Domn>
					<Prtry>
						<Cd>NTRF+087+0019000005</Cd>
						<Issr>DK</Issr>
					</Prtry>
				</BkTxCd>
				<NtryDtls>
					<TxDtls>
						<Refs>
							<AcctSvcrRef>pacs009-InstrId-00005</AcctSvcrRef>
							<InstrId>pacs009-InstrId-00005</InstrId>
						</Refs>
						<Amt Ccy="EUR">30000.00</Amt>
						<BkTxCd>
							<Domn>
								<Cd>PMNT</Cd>
								<Fmly>
									<Cd>ICDT</Cd>
									<SubFmlyCd>SDVA</SubFmlyCd>
								</Fmly>
							</Domn>
							<Prtry>
								<Cd>NTRF+087+0019000005</Cd>
								<Issr>DK</Issr>
							</Prtry>
						</BkTxCd>
						<Purp>
							<Prtry>Überw Prior1/SWI</Prtry>
						</Purp>
						<RmtInf>
							<Ustrd>VWZ pacs009 DOTA nach MCA</Ustrd>
						</RmtInf>
						<AddtlTxInf>Eilüberweisung</AddtlTxInf>
					</TxDtls>
				</NtryDtls>
				<AddtlNtryInf>Eilüberweisung</AddtlNtryInf>
			</Ntry>
		</Rpt>
	</BkToCstmrAcctRpt>
</Document>
