<?xml version="1.0" encoding="UTF-8"?>
<Document xmlns="urn:iso:std:iso:20022:tech:xsd:camt.053.001.08">
	<BkToCstmrStmt>
		<GrpHdr>
			<MsgId>NONREF</MsgId>
			<CreDtTm>2022-07-08T15:36:02.218+02:00</CreDtTm>
			<MsgPgntn>
				<PgNb>1</PgNb>
				<LastPgInd>true</LastPgInd>
			</MsgPgntn>
		</GrpHdr>
		<Stmt>
			<Id>8</Id>
			<Acct>
				<Id>
					<Othr>
						<Id>RDEEURZYBUDEFFSEK</Id>
					</Othr>
				</Id>
				<Ownr>
					<Id>
						<OrgId>
							<AnyBIC>ZYBUDEFFSEK</AnyBIC>
						</OrgId>
					</Id>
				</Ownr>
			</Acct>
			<Bal>
				<Tp>
					<CdOrPrtry>
						<Cd>OPBD</Cd>
					</CdOrPrtry>
				</Tp>
				<Amt Ccy="EUR">5368506.70</Amt>
				<CdtDbtInd>CRDT</CdtDbtInd>
				<Dt>
					<Dt>2022-07-08</Dt>
				</Dt>
			</Bal>
			<Bal>
				<Tp>
					<CdOrPrtry>
						<Cd>CLBD</Cd>
					</CdOrPrtry>
				</Tp>
				<Amt Ccy="EUR">5368206.70</Amt>
				<CdtDbtInd>CRDT</CdtDbtInd>
				<Dt>
					<Dt>2022-07-08</Dt>
				</Dt>
			</Bal>
			<TxsSummry>
				<TtlNtries>
					<NbOfNtries>3</NbOfNtries>
				</TtlNtries>
			</TxsSummry>
			<Ntry>
				<NtryRef>996565</NtryRef>
				<Amt Ccy="EUR">100.00</Amt>
				<CdtDbtInd>DBIT</CdtDbtInd>
				<Sts>
					<Cd>BOOK</Cd>
				</Sts>
				<BookgDt>
					<DtTm>2022-07-08T19:22:48.092+02:00</DtTm>
				</BookgDt>
				<ValDt>
					<Dt>2022-07-08</Dt>
				</ValDt>
				<BkTxCd>
					<Prtry>
						<Cd>LIQT</Cd>
					</Prtry>
				</BkTxCd>
				<NtryDtls>
					<TxDtls>
						<Refs>
							<InstrId>0712990035900003</InstrId>
							<EndToEndId>SC10800011900003</EndToEndId>
						</Refs>
						<Amt Ccy="EUR">100.00</Amt>
						<RltdAgts>
							<InstgAgt>
								<FinInstnId>
									<BICFI>ZYBUDEFFSEK</BICFI>
								</FinInstnId>
							</InstgAgt>
							<InstdAgt>
								<FinInstnId>
									<BICFI>ZYBUDEFFSEK</BICFI>
								</FinInstnId>
							</InstdAgt>
							<DbtrAgt>
								<FinInstnId>
									<BICFI>MARKDEFFSCL</BICFI>
								</FinInstnId>
							</DbtrAgt>
						</RltdAgts>
						<LclInstrm>
							<Prtry>LIAS</Prtry>
						</LclInstrm>
					</TxDtls>
				</NtryDtls>
			</Ntry>
			<Ntry>
				<NtryRef>1000113</NtryRef>
				<Amt Ccy="EUR">100.00</Amt>
				<CdtDbtInd>DBIT</CdtDbtInd>
				<Sts>
					<Cd>BOOK</Cd>
				</Sts>
				<BookgDt>
					<DtTm>2022-07-08T07:31:44.836+02:00</DtTm>
				</BookgDt>
				<ValDt>
					<Dt>2022-07-08</Dt>
				</ValDt>
				<BkTxCd>
					<Prtry>
						<Cd>LIQT</Cd>
					</Prtry>
				</BkTxCd>
				<NtryDtls>
					<TxDtls>
						<Refs>
							<InstrId>0713900002500002</InstrId>
							<EndToEndId>SC10800000300002</EndToEndId>
						</Refs>
						<Amt Ccy="EUR">100.00</Amt>
						<RltdAgts>
							<InstgAgt>
								<FinInstnId>
									<BICFI>ZYBUDEFFSEK</BICFI>
								</FinInstnId>
							</InstgAgt>
							<InstdAgt>
								<FinInstnId>
									<BICFI>ZYBUDEFFSEK</BICFI>
								</FinInstnId>
							</InstdAgt>
							<DbtrAgt>
								<FinInstnId>
									<BICFI>MARKDEFFSCL</BICFI>
								</FinInstnId>
							</DbtrAgt>
						</RltdAgts>
						<LclInstrm>
							<Prtry>LIAS</Prtry>
						</LclInstrm>
					</TxDtls>
				</NtryDtls>
			</Ntry>
			<Ntry>
				<NtryRef>1000242</NtryRef>
				<Amt Ccy="EUR">100.00</Amt>
				<CdtDbtInd>DBIT</CdtDbtInd>
				<Sts>
					<Cd>BOOK</Cd>
				</Sts>
				<BookgDt>
					<DtTm>2022-07-08T07:37:26.941+02:00</DtTm>
				</BookgDt>
				<ValDt>
					<Dt>2022-07-08</Dt>
				</ValDt>
				<BkTxCd>
					<Prtry>
						<Cd>LIQT</Cd>
					</Prtry>
				</BkTxCd>
				<NtryDtls>
					<TxDtls>
						<Refs>
							<InstrId>0713900012600005</InstrId>
							<EndToEndId>SC10800001300005</EndToEndId>
						</Refs>
						<Amt Ccy="EUR">100.00</Amt>
						<RltdAgts>
							<InstgAgt>
								<FinInstnId>
									<BICFI>ZYBUDEFFSEK</BICFI>
								</FinInstnId>
							</InstgAgt>
							<InstdAgt>
								<FinInstnId>
									<BICFI>ZYBUDEFFSEK</BICFI>
								</FinInstnId>
							</InstdAgt>
							<DbtrAgt>
								<FinInstnId>
									<BICFI>MARKDEFFSCL</BICFI>
								</FinInstnId>
							</DbtrAgt>
						</RltdAgts>
						<LclInstrm>
							<Prtry>LIAS</Prtry>
						</LclInstrm>
					</TxDtls>
				</NtryDtls>
			</Ntry>			
		</Stmt>
	</BkToCstmrStmt>
</Document>
