<?xml version="1.0" encoding="UTF-8"?>
<Document xmlns="urn:iso:std:iso:20022:tech:xsd:camt.053.001.08">
	<BkToCstmrStmt>
		<GrpHdr>
			<MsgId>NONREF</MsgId>
			<CreDtTm>2022-07-08T15:55:10.570+02:00</CreDtTm>
			<MsgPgntn>
				<PgNb>1</PgNb>
				<LastPgInd>true</LastPgInd>
			</MsgPgntn>
		</GrpHdr>
		<Stmt>
			<Id>2</Id>
			<Acct>
				<Id>
					<Othr>
						<Id>UDEEURZYBUDEFFSEKDE1SCL1</Id>
					</Othr>
				</Id>
				<Ownr>
					<Id>
						<OrgId>
							<AnyBIC>ZYBUDEFFSEK</AnyBIC>
						</OrgId>
					</Id>
				</Ownr>
			</Acct>
			<Bal>
				<Tp>
					<CdOrPrtry>
						<Cd>OPBD</Cd>
					</CdOrPrtry>
				</Tp>
				
<!--Balance type code of the reported account balance:
l OPBD = Balance at SoD;
l CLBD = Balance at EoD.-->					
				
				<Amt Ccy="EUR">0.00</Amt>
				<CdtDbtInd>DBIT</CdtDbtInd>
				<Dt>
					<Dt>2022-07-08</Dt>
				</Dt>
			</Bal>
			<Bal>
				<Tp>
					<CdOrPrtry>
						<Cd>CLBD</Cd>
					</CdOrPrtry>
				</Tp>
				<Amt Ccy="EUR">0.00</Amt>
				<CdtDbtInd>CRDT</CdtDbtInd>
				<Dt>
					<Dt>2022-07-08</Dt>
				</Dt>
			</Bal>
			<TxsSummry>
				<TtlNtries>
					<NbOfNtries>11</NbOfNtries>
				</TtlNtries>
			</TxsSummry>
			<Ntry>
				<NtryRef>964745</NtryRef>
				<Amt Ccy="EUR">10617.60</Amt>
				<CdtDbtInd>DBIT</CdtDbtInd>
				<Sts>
					<Cd>BOOK</Cd>
				</Sts>
				<BookgDt>
					<DtTm>2022-07-08T07:06:53.289+02:00</DtTm>
				</BookgDt>
				<ValDt>
					<Dt>2022-07-08</Dt>
				</ValDt>
				<BkTxCd>
					<Prtry>
						<Cd>ASTI</Cd>
					</Prtry>
				</BkTxCd>			
				<NtryDtls>
					<TxDtls>
						<Refs>
							<InstrId>0708900007700003</InstrId>
							<EndToEndId>SIA0800001000100</EndToEndId>
							
<!--„S“ (SEPA-Clearer) bzw.
„E“ (Scheckabwicklung)
1. Stelle: I, O oder X
I = Input (eingeliefertes Bulk)
O = Output (ausgeliefertes Bulk)
X = fehlerhafte Transaktionen aus Einlieferungen
2. Stelle: 
A = SCT-Dienst des SCL
B = SDD-Dienst des SCL
C = SCC-Dienst des SCL
E = Scheckabwicklungsdienst
Aktueller Tag im Monat
Interne File-ID
Bulk innerhalb des Files
Laufende Nummer-->							
							
						</Refs>
						<Amt Ccy="EUR">10617.60</Amt>
						<RltdAgts>
							<InstgAgt>
								<FinInstnId>
									<BICFI>ZYBUDEFFSEK</BICFI>
								</FinInstnId>
							</InstgAgt>
							<InstdAgt>
								<FinInstnId>
									<BICFI>MARKDEFFSCL</BICFI>
								</FinInstnId>
							</InstdAgt>
							<DbtrAgt>
								<FinInstnId>
									<BICFI>MARKDEFFSCL</BICFI>
								</FinInstnId>
							</DbtrAgt>
						</RltdAgts>
						<LclInstrm>
							<Cd>ASTI</Cd>
						</LclInstrm>
					</TxDtls>
				</NtryDtls>
			</Ntry>
			<Ntry>
				<NtryRef>964746</NtryRef>
				<Amt Ccy="EUR">4255.00</Amt>
				<CdtDbtInd>DBIT</CdtDbtInd>
				<Sts>
					<Cd>BOOK</Cd>
				</Sts>
				<BookgDt>
					<DtTm>2022-07-08T07:06:53.289+02:00</DtTm>
				</BookgDt>
				<ValDt>
					<Dt>2022-07-08</Dt>
				</ValDt>
				<BkTxCd>
					<Prtry>
						<Cd>ASTI</Cd>
					</Prtry>
				</BkTxCd>
				<NtryDtls>
					<TxDtls>
						<Refs>
							<InstrId>0708900007700004</InstrId>
							<EndToEndId>SIA0800005200100</EndToEndId>
						</Refs>
						<Amt Ccy="EUR">4255.00</Amt>
						<RltdAgts>
							<InstgAgt>
								<FinInstnId>
									<BICFI>ZYBUDEFFSEK</BICFI>
								</FinInstnId>
							</InstgAgt>
							<InstdAgt>
								<FinInstnId>
									<BICFI>MARKDEFFSCL</BICFI>
								</FinInstnId>
							</InstdAgt>
							<DbtrAgt>
								<FinInstnId>
									<BICFI>MARKDEFFSCL</BICFI>
								</FinInstnId>
							</DbtrAgt>
						</RltdAgts>
						<LclInstrm>
							<Cd>ASTI</Cd>
						</LclInstrm>
					</TxDtls>
				</NtryDtls>
			</Ntry>
			<Ntry>
				<NtryRef>964747</NtryRef>
				<Amt Ccy="EUR">5460.14</Amt>
				<CdtDbtInd>DBIT</CdtDbtInd>
				<Sts>
					<Cd>BOOK</Cd>
				</Sts>
				<BookgDt>
					<DtTm>2022-07-08T07:06:53.289+02:00</DtTm>
				</BookgDt>
				<ValDt>
					<Dt>2022-07-08</Dt>
				</ValDt>
				<BkTxCd>
					<Prtry>
						<Cd>ASTI</Cd>
					</Prtry>
				</BkTxCd>
				<NtryDtls>
					<TxDtls>
						<Refs>
							<InstrId>0708900007700005</InstrId>
							<EndToEndId>SIA0800005800100</EndToEndId>
						</Refs>
						<Amt Ccy="EUR">5460.14</Amt>
						<RltdAgts>
							<InstgAgt>
								<FinInstnId>
									<BICFI>ZYBUDEFFSEK</BICFI>
								</FinInstnId>
							</InstgAgt>
							<InstdAgt>
								<FinInstnId>
									<BICFI>MARKDEFFSCL</BICFI>
								</FinInstnId>
							</InstdAgt>
							<DbtrAgt>
								<FinInstnId>
									<BICFI>MARKDEFFSCL</BICFI>
								</FinInstnId>
							</DbtrAgt>
						</RltdAgts>
						<LclInstrm>
							<Cd>ASTI</Cd>
						</LclInstrm>
					</TxDtls>
				</NtryDtls>
			</Ntry>
			<Ntry>
				<NtryRef>964748</NtryRef>
				<Amt Ccy="EUR">180000.00</Amt>
				<CdtDbtInd>DBIT</CdtDbtInd>
				<Sts>
					<Cd>BOOK</Cd>
				</Sts>
				<BookgDt>
					<DtTm>2022-07-08T07:06:53.289+02:00</DtTm>
				</BookgDt>
				<ValDt>
					<Dt>2022-07-08</Dt>
				</ValDt>
				<BkTxCd>
					<Prtry>
						<Cd>ASTI</Cd>
					</Prtry>
				</BkTxCd>
				<NtryDtls>
					<TxDtls>
						<Refs>
							<InstrId>0708900007700006</InstrId>
							<EndToEndId>SIA0800007000100</EndToEndId>
						</Refs>
						<Amt Ccy="EUR">180000.00</Amt>
						<RltdAgts>
							<InstgAgt>
								<FinInstnId>
									<BICFI>ZYBUDEFFSEK</BICFI>
								</FinInstnId>
							</InstgAgt>
							<InstdAgt>
								<FinInstnId>
									<BICFI>MARKDEFFSCL</BICFI>
								</FinInstnId>
							</InstdAgt>
							<DbtrAgt>
								<FinInstnId>
									<BICFI>MARKDEFFSCL</BICFI>
								</FinInstnId>
							</DbtrAgt>
						</RltdAgts>
						<LclInstrm>
							<Cd>ASTI</Cd>
						</LclInstrm>
					</TxDtls>
				</NtryDtls>
			</Ntry>
			<Ntry>
				<NtryRef>964749</NtryRef>
				<Amt Ccy="EUR">4.91</Amt>
				<CdtDbtInd>DBIT</CdtDbtInd>
				<Sts>
					<Cd>BOOK</Cd>
				</Sts>
				<BookgDt>
					<DtTm>2022-07-08T07:06:53.289+02:00</DtTm>
				</BookgDt>
				<ValDt>
					<Dt>2022-07-08</Dt>
				</ValDt>
				<BkTxCd>
					<Prtry>
						<Cd>ASTI</Cd>
					</Prtry>
				</BkTxCd>
				<NtryDtls>
					<TxDtls>
						<Refs>
							<InstrId>0708900007700007</InstrId>
							<EndToEndId>SIA0800007300100</EndToEndId>
						</Refs>
						<Amt Ccy="EUR">4.91</Amt>
						<RltdAgts>
							<InstgAgt>
								<FinInstnId>
									<BICFI>ZYBUDEFFSEK</BICFI>
								</FinInstnId>
							</InstgAgt>
							<InstdAgt>
								<FinInstnId>
									<BICFI>MARKDEFFSCL</BICFI>
								</FinInstnId>
							</InstdAgt>
							<DbtrAgt>
								<FinInstnId>
									<BICFI>MARKDEFFSCL</BICFI>
								</FinInstnId>
							</DbtrAgt>
						</RltdAgts>
						<LclInstrm>
							<Cd>ASTI</Cd>
						</LclInstrm>
					</TxDtls>
				</NtryDtls>
			</Ntry>
			<Ntry>
				<NtryRef>964750</NtryRef>
				<Amt Ccy="EUR">12.70</Amt>
				<CdtDbtInd>DBIT</CdtDbtInd>
				<Sts>
					<Cd>BOOK</Cd>
				</Sts>
				<BookgDt>
					<DtTm>2022-07-08T07:06:53.289+02:00</DtTm>
				</BookgDt>
				<ValDt>
					<Dt>2022-07-08</Dt>
				</ValDt>
				<BkTxCd>
					<Prtry>
						<Cd>ASTI</Cd>
					</Prtry>
				</BkTxCd>
				<NtryDtls>
					<TxDtls>
						<Refs>
							<InstrId>0708900007700008</InstrId>
							<EndToEndId>SIA0800007400100</EndToEndId>
						</Refs>
						<Amt Ccy="EUR">12.70</Amt>
						<RltdAgts>
							<InstgAgt>
								<FinInstnId>
									<BICFI>ZYBUDEFFSEK</BICFI>
								</FinInstnId>
							</InstgAgt>
							<InstdAgt>
								<FinInstnId>
									<BICFI>MARKDEFFSCL</BICFI>
								</FinInstnId>
							</InstdAgt>
							<DbtrAgt>
								<FinInstnId>
									<BICFI>MARKDEFFSCL</BICFI>
								</FinInstnId>
							</DbtrAgt>
						</RltdAgts>
						<LclInstrm>
							<Cd>ASTI</Cd>
						</LclInstrm>
					</TxDtls>
				</NtryDtls>
			</Ntry>
			<Ntry>
				<NtryRef>964751</NtryRef>
				<Amt Ccy="EUR">2.65</Amt>
				<CdtDbtInd>DBIT</CdtDbtInd>
				<Sts>
					<Cd>BOOK</Cd>
				</Sts>
				<BookgDt>
					<DtTm>2022-07-08T07:06:53.289+02:00</DtTm>
				</BookgDt>
				<ValDt>
					<Dt>2022-07-08</Dt>
				</ValDt>
				<BkTxCd>
					<Prtry>
						<Cd>ASTI</Cd>
					</Prtry>
				</BkTxCd>
				<NtryDtls>
					<TxDtls>
						<Refs>
							<InstrId>0708900007700009</InstrId>
							<EndToEndId>SIA0800007500100</EndToEndId>
						</Refs>
						<Amt Ccy="EUR">2.65</Amt>
						<RltdAgts>
							<InstgAgt>
								<FinInstnId>
									<BICFI>ZYBUDEFFSEK</BICFI>
								</FinInstnId>
							</InstgAgt>
							<InstdAgt>
								<FinInstnId>
									<BICFI>MARKDEFFSCL</BICFI>
								</FinInstnId>
							</InstdAgt>
							<DbtrAgt>
								<FinInstnId>
									<BICFI>MARKDEFFSCL</BICFI>
								</FinInstnId>
							</DbtrAgt>
						</RltdAgts>
						<LclInstrm>
							<Cd>ASTI</Cd>
						</LclInstrm>
					</TxDtls>
				</NtryDtls>
			</Ntry>
			<Ntry>
				<NtryRef>964752</NtryRef>
				<Amt Ccy="EUR">4.37</Amt>
				<CdtDbtInd>DBIT</CdtDbtInd>
				<Sts>
					<Cd>BOOK</Cd>
				</Sts>
				<BookgDt>
					<DtTm>2022-07-08T07:06:53.289+02:00</DtTm>
				</BookgDt>
				<ValDt>
					<Dt>2022-07-08</Dt>
				</ValDt>
				<BkTxCd>
					<Prtry>
						<Cd>ASTI</Cd>
					</Prtry>
				</BkTxCd>
				<NtryDtls>
					<TxDtls>
						<Refs>
							<InstrId>0708900007700010</InstrId>
							<EndToEndId>SIA0800007600100</EndToEndId>
						</Refs>
						<Amt Ccy="EUR">4.37</Amt>
						<RltdAgts>
							<InstgAgt>
								<FinInstnId>
									<BICFI>ZYBUDEFFSEK</BICFI>
								</FinInstnId>
							</InstgAgt>
							<InstdAgt>
								<FinInstnId>
									<BICFI>MARKDEFFSCL</BICFI>
								</FinInstnId>
							</InstdAgt>
							<DbtrAgt>
								<FinInstnId>
									<BICFI>MARKDEFFSCL</BICFI>
								</FinInstnId>
							</DbtrAgt>
						</RltdAgts>
						<LclInstrm>
							<Cd>ASTI</Cd>
						</LclInstrm>
					</TxDtls>
				</NtryDtls>
			</Ntry>
			<Ntry>
				<NtryRef>964753</NtryRef>
				<Amt Ccy="EUR">307.68</Amt>
				<CdtDbtInd>DBIT</CdtDbtInd>
				<Sts>
					<Cd>BOOK</Cd>
				</Sts>
				<BookgDt>
					<DtTm>2022-07-08T07:06:54.801+02:00</DtTm>
				</BookgDt>
				<ValDt>
					<Dt>2022-07-08</Dt>
				</ValDt>
				<BkTxCd>
					<Prtry>
						<Cd>ASTI</Cd>
					</Prtry>
				</BkTxCd>
				<NtryDtls>
					<TxDtls>
						<Refs>
							<InstrId>0708900007800001</InstrId>
							<EndToEndId>SIB0800018800200</EndToEndId>
						</Refs>
						<Amt Ccy="EUR">307.68</Amt>
						<RltdAgts>
							<InstgAgt>
								<FinInstnId>
									<BICFI>ZYBUDEFFSEK</BICFI>
								</FinInstnId>
							</InstgAgt>
							<InstdAgt>
								<FinInstnId>
									<BICFI>MARKDEFFSCL</BICFI>
								</FinInstnId>
							</InstdAgt>
							<DbtrAgt>
								<FinInstnId>
									<BICFI>MARKDEFFSCL</BICFI>
								</FinInstnId>
							</DbtrAgt>
						</RltdAgts>
						<LclInstrm>
							<Cd>ASTI</Cd>
						</LclInstrm>
					</TxDtls>
				</NtryDtls>
			</Ntry>
			<Ntry>
				<NtryRef>964754</NtryRef>
				<Amt Ccy="EUR">307.68</Amt>
				<CdtDbtInd>DBIT</CdtDbtInd>
				<Sts>
					<Cd>BOOK</Cd>
				</Sts>
				<BookgDt>
					<DtTm>2022-07-08T07:06:54.801+02:00</DtTm>
				</BookgDt>
				<ValDt>
					<Dt>2022-07-08</Dt>
				</ValDt>
				<BkTxCd>
					<Prtry>
						<Cd>ASTI</Cd>
					</Prtry>
				</BkTxCd>
				<NtryDtls>
					<TxDtls>
						<Refs>
							<InstrId>0708900007800002</InstrId>
							<EndToEndId>SIB0800020400100</EndToEndId>
						</Refs>
						<Amt Ccy="EUR">307.68</Amt>
						<RltdAgts>
							<InstgAgt>
								<FinInstnId>
									<BICFI>ZYBUDEFFSEK</BICFI>
								</FinInstnId>
							</InstgAgt>
							<InstdAgt>
								<FinInstnId>
									<BICFI>MARKDEFFSCL</BICFI>
								</FinInstnId>
							</InstdAgt>
							<DbtrAgt>
								<FinInstnId>
									<BICFI>MARKDEFFSCL</BICFI>
								</FinInstnId>
							</DbtrAgt>
						</RltdAgts>
						<LclInstrm>
							<Cd>ASTI</Cd>
						</LclInstrm>
					</TxDtls>
				</NtryDtls>
			</Ntry>
			<Ntry>
				<NtryRef>964695</NtryRef>
				<Amt Ccy="EUR">200972.73</Amt>
				<CdtDbtInd>CRDT</CdtDbtInd>
				<Sts>
					<Cd>BOOK</Cd>
				</Sts>
				<BookgDt>
					<DtTm>2022-07-08T07:05:52.834+02:00</DtTm>
				</BookgDt>
				<ValDt>
					<Dt>2022-07-08</Dt>
				</ValDt>
				<BkTxCd>
					<Prtry>
						<Cd>LIQT</Cd>
					</Prtry>
				</BkTxCd>
				<NtryDtls>
					<TxDtls>
						<Refs>
							<InstrId>0708900007500003</InstrId>
							<EndToEndId>SC10800000400003</EndToEndId>
						</Refs>
						<Amt Ccy="EUR">200972.73</Amt>
						<RltdAgts>
							<InstgAgt>
								<FinInstnId>
									<BICFI>ZYBUDEFFSEK</BICFI>
								</FinInstnId>
							</InstgAgt>
							<InstdAgt>
								<FinInstnId>
									<BICFI>ZYBUDEFFSEK</BICFI>
								</FinInstnId>
							</InstdAgt>
							<DbtrAgt>
								<FinInstnId>
									<BICFI>MARKDEFFSCL</BICFI>
								</FinInstnId>
							</DbtrAgt>
						</RltdAgts>
						<LclInstrm>
							<Prtry>LIAS</Prtry>
						</LclInstrm>
					</TxDtls>
				</NtryDtls>
			</Ntry>
		</Stmt>
	</BkToCstmrStmt>
</Document>
