:20:13762301952
:25:DE20514304205000000651
:28C:20/1
:60F:C240520EUR19967283027578,
:61:2404100521C130,NTRFGSQUFYH1HU0//SI2OLAJH07456ATW
:86:/EREF/GSQUFYH1HU0
/DBNM/FirstName
/DACT/DE3456704108790018710/DBIC/DEUTDEFF
/OAMT/13-0/
:61:2405210521C100,NTRFGS0DO5D3TTH45GS//SB2414200005263
:86:/EREF/GS0DO5D3TTH45GS
/DBNM/Bank Customer
/DACT/FR1745678978903461234516902/DBIC/AGRIFRPPXXX
/OAMT/101-0/
/DCID/BPCEFPPPXXX
/OPRP/CASH
:61:2405210521C548,NTRFGS0DO8D4RTGIRGY//SB2414200005264  <!-- Inbound FX payment -->
:86:/EREF/GS0DO8D4RTGIRGY
/DBNM/Banque Customer
/DACT/FR4567895678900001234879023/DBIC/AGRIFRPPXXX
/OAMT/466-17/FCCY/GBP/FXRT/0-849835250000000/FXDT/240521T0540 
/DCID/BPCEFPPPXXX
/OPRP/CASH
:61:2405210521C145,NTRFGS0T05T4I83L7SU//SB2414200005269
:86:/EREF/GS0T05T4I83L7SU
/DBNM/msCUSTOMER
:62F:C240521EUR19967283028356,
:64:C240521EUR19967283028356,
-