{1:F01GSCRUS33AXXX0000000000}{2:O9401200250101BANKDEFF4815162342250101121500N}{3:{108:MT940REF001}{121:a]b1c2d3-e4f5-6789-abcd-ef0123456789}}{4:
:20:STMT2025001
:25:DE89370400440532013000
:28C:00001/001
:60F:C250101EUR5000,00
:61:2501050105C500,00NTRFREF001//123456
:86:Eingang Rechnung 001
:62F:C250131EUR5500,00
-}{5:{CHK:123456789ABC}{TNG:}}
