<?xml version="1.0" encoding="UTF-8"?>
<Document xmlns="urn:iso:std:iso:20022:tech:xsd:pain.001.001.12">
  <CstmrCdtTrfInitn>
    <GrpHdr>
      <MsgId>MSG-001</MsgId>
      <CreDtTm>2026-01-01T12:00:00</CreDtTm>
      <NbOfTxs>1</NbOfTxs>
      <CtrlSum>1000.00</CtrlSum>
      <InitgPty>
        <Nm>Test GmbH</Nm>
      </InitgPty>
    </GrpHdr>
    <PmtInf>
      <PmtInfId>PMT-001</PmtInfId>
      <PmtMtd>TRF</PmtMtd>
      <ReqdExctnDt>
        <Dt>2026-01-15</Dt>
      </ReqdExctnDt>
      <Dbtr>
        <Nm>Debtor GmbH</Nm>
      </Dbtr>
      <DbtrAcct>
        <Id>
          <IBAN>DE89370400440532013000</IBAN>
        </Id>
      </DbtrAcct>
      <DbtrAgt>
        <FinInstnId>
          <BICFI>COBADEFFXXX</BICFI>
        </FinInstnId>
      </DbtrAgt>
      <ChrgBr>SLEV</ChrgBr>
      <CdtTrfTxInf>
        <PmtId>
          <EndToEndId>TX-001</EndToEndId>
        </PmtId>
        <Amt>
          <InstdAmt Ccy="EUR">1000.00</InstdAmt>
        </Amt>
        <Cdtr>
          <Nm>Creditor AG</Nm>
        </Cdtr>
        <CdtrAcct>
          <Id>
            <IBAN>DE89370400440532013001</IBAN>
          </Id>
        </CdtrAcct>
      </CdtTrfTxInf>
    </PmtInf>
  </CstmrCdtTrfInitn>
</Document>
